@article{Altschul,
title={Altschul,S.F. et al. (1997) Gapped BLAST and PSI
BLAST: a new generation of protein database search programs.
Nucleic Acids Res., 25, 3389–3402},
year = {1997}
}

@article{Anfinsen,
title= {Anfinsen,C.B. (1973) Principles that govern the
folding of protein chains.Science, 181, 223–230.},
year = {1973}
}

@article{Bahdanau,
title = {Bahdanau,D. et al. (2014) Neural machine translation 
by jointly learning to align and translate. arXiv preprint
arXiv: 1409.0473},
year = {2014}
}

@article {Cheng,
title = {Cheng,J. et al. (2016) Long short-term memory-
networks for machine reading.Proceedings of the 2016 
Conference on Empirical Methods in Natural Language 
Processing. pp. 551–561. Austin, Texas, USA.},
year = {2016}
}

@article{Fang,
title = {Fang,C. et al. (2018) MUFOLD-SS: new deep inception-
inside-inception networks for protein secondary structure 
prediction. Proteins, 86, 592–598},
year = {2018}
}

@article{Graves,
title = {Graves,A. et al. (2014) Neural turing machines. arXi
preprint arXiv:1410.5401.},
year = {2014}
}

@article{Hanson,
title = {Hanson,J. et al. (2016) Improving protein disorder
prediction by deep bidirectional long short-term memory
recurrent neural networks. Bioinformatics, 33, 685–692.},
year = {2016}
}

@article {Heffernan,
title = {Heffernan,R. et al. (2017) Capturing non-local
interactions by long short-term memory bidirectional
recurrent neural networks for improving prediction
of protein secondary structure, backbone angles, contact
numbers and solvent accessibility. Bioinformatics, 33, 2842
2849},
year = {2017}
}

@article{Ioffe,
title = {Ioffe,S. and Szegedy,C. (2015) Batch normalization:
accelerating deep network training by reducing internal
covariate shift. In: Proceedings of the 32nd International 
Conference on International Conference on Machine Learning. Vol.
37. pp. 448–456. JMLR. Lille, France.},
year = {2015}
}

@article{Jiang,
title= {Jiang, Q. et al. (2017) Protein secondary structure
prediction: a survey of the state of the art. J. Mol. Graph.
Model., 76, 379–402.},
year = {2017}
}

@article{Ludwiczak,
title = {Ludwiczak,J. et al. (2019) PiPred–a deep-learning
method for prediction of $\pi$-helices in protein sequences.
Sci. Rep., 9, 6888.},
year = {2019}
}

@article{Luong,
title = {Luong,M.-T. et al. (2015) Effective approaches to
attention-based neural machine translation. arXiv preprint
arXiv: 1508.04025},
year = {2015}
}

@article{Meiler,
title = {Meiler,J. et al. (2001) Generation and evaluation of
dimension-reduced amino acid parameter representations by
artificial neural networks. Mol. Model. Annual, 7, 360–369},
year = {2001}
}

@article{Pauling,
title={Pauling,L. et al. (1951) The structure of proteins:
two hydrogen-bonded helical configurations of the polypeptide
chain. Proc. Natl. Acad. Sci. USA, 37,205–211.},
year = {1951}
}

@article{Remmert,
title = {Remmert,M. et al. (2012) HHblits: lightning-fast
iterative protein sequence searching by HMM-HMM alignment.
Nat. Methods, 9, 173–175},
year = {2012}
}

@article{Sasaki,
title={Sasaki,Y. et al. (2007) The truth of the F-measure.
Teach. Tutor. Mater., 1, 1–5},
year = {2007}
}

@article{Sordoni,
title = {Sordoni,A. et al. (2016) Iterative alternating
neural attention for machine reading. arXiv preprint arXiv: 
1606.02245},
year = {2016}
}

@article{UniProtConsortium,
title = {UniProt Consortium (2007) The universal protein
resource (UniProt). Nucleic Acids Res., 36, D190–D195},
year = {2007}
}

@article{Vaswani,
title = {Vaswani,A. et al. (2017) Attention is all you need.
In: Advances in Neural Information Processing System. pp. 
5998–6008. Long Beach, California, USA}, 
year = {2017}
}

@article{Wang,
title = {Wang,S. et al. (2016a) Protein secondary structure
prediction using deep convolutional neural fields. Sci. Rep.,
6, 18962},
year ={2016}
}
