@article{Pointnet,
title = {Pointnet++: Deep hierarchical feature learning on point sets in a metric space
CR Qi, L Yi, H Su, LJ Guibas - Advances in neural â€¦, 2017 - proceedings.neurips.cc},
year = {2017}
}

@article{RandLANet,
title = {RandLA-Net: Efficient Semantic Segmentation of Large-Scale Point Clouds,Qingyong Hu, Bo Yang, Linhai Xie, Stefano Rosa, Yulan Guo, Zhihua Wang, Niki Trigoni, Andrew Markham; Proceedings of the IEEE/CVF Conference on Computer Vision and Pattern Recognition (CVPR), 2020, pp. 11108-11117},
year = {2020}
}

@article{DeepHough,
title = {Deep Hough Voting for 3D Object Detection in Point Clouds,Charles R. Qi, Or Litany, Kaiming He, Leonidas J. Guibas; Proceedings of the IEEE/CVF International Conference on Computer Vision (ICCV), 2019, pp. 9277-9286},
year = {2019}
}

@article{PointNet2,
title = {PointNet: Deep Learning on Point Sets for 3D Classification and Segmentation,Charles R. Qi, Hao Su, Kaichun
Mo, Leonidas J. Guibas; Proceedings of the IEEE Conference on Computer Vision and Pattern Recognition (CVPR), 2017, pp. 652-660},
year = {2017}
}

@article{KPConv,
title = {KPConv: Flexible and Deformable Convolution for Point Clouds, Hugues Thomas, Charles R. Qi, Jean-Emmanuel Deschaud, Beatriz Marcotegui, Francois Goulette, Leonidas J. Guibas; Proceedings of the IEEE/CVF International Conference on Computer Vision (ICCV), 2019, pp. 6411-6420},
year = {2019}
}

@article{Clustering,
title = {Clustering to minimize the maximum intercluster distance, Author links open overlay panelTeofilo F. Gonzalez},
year = {1985}
}